@article{huff2016fundamental,
  title={Fundamental concepts in the cyclus nuclear fuel cycle simulation framework},
  author={Huff, Kathryn D and Gidden, Matthew J and Carlsen, Robert W and Flanagan, Robert R and McGarry, Meghan B and Opotowsky, Arrielle C and Schneider, Erich A and Scopatz, Anthony M and Wilson, Paul PH},
  journal={Advances in Engineering Software},
  volume={94},
  pages={46--59},
  year={2016},
  publisher={Elsevier}
}

@article{vision,
  title={VISION: Verifiable fuel cycle simulation model},
  author={Jacobson, Jacob and Yacout, Abdellatif M and Matthern, Gretchen and Piet, Steven and Shropshire, David E and Laws, Chris},
  journal={TRANSACTIONS-AMERICAN NUCLEAR SOCIETY},
  volume={95},
  pages={157},
  year={2006},
  publisher={AMERICAN NUCLEAR SOCIETY}
}

@phdthesis{brightlite,
  title={Fluence based neutron balance approach using spatial flux calculations},
  author={Bagdatlioglu, Cem},
  year={2015}
}

@inproceedings{flanagan,
  title={Multidimensional Cross Section Library Interpolation for the Bright-lite Reactor Modeling Software},
  author={Flanagan, Robert},
  year={2015},
  organization={Global}
}

@article{openmc,
  title={The OpenMC Monte Carlo particle transport code},
  author={Romano, Paul K and Forget, Benoit},
  journal={Annals of Nuclear Energy},
  volume={51},
  pages={274--281},
  year={2013},
  publisher={Elsevier}
}

@techreport{origen2,
  title={User's manual for the ORIGEN2 computer code},
  author={Croff, Allen G},
  year={1980},
  institution={Oak Ridge National Lab.}
}

@article{class,
  title={CLASS, a new tool for nuclear scenarios: Description \& First Application},
  author={Baptiste, Mouginot and Jean-Baptiste, Clavel and Nicolas, Thiolli{\`e}re},
  journal={International Journal of Engineering and Physical Sciences},
  volume={6},
  number={52},
  pages={65},
  year={2012}
}

@techreport{mcnp5monte,
  title={Monte Carlo Team, MCNP—a general purpose Monte Carlo N-particle transport code, version 5},
  author={MCNP, X},
  year={5},
  institution={LA-UR-03-1987, Los Alamos National Laboratory, April 2003. The MCNP5 code can be obtained from the Radiation Safety Information Computational Center (RSICC), PO Box 2008, Oak Ridge, TN, 37831-6362}
}

@article{pyne,
  title={PyNE: Python for nuclear engineering},
  author={Scopatz, Anthony M and Romano, Paul K and Wilson, Paul PH and Huff, Kathryn D},
  journal={Transactions of the American Nuclear Society},
  volume={107},
  pages={985},
  year={2012}
}

@MISC {nea,
    author = "Nuclear Energy Agency",
    title  = "The Economics of the Nuclear Fuel Cycle",
    year   = "1994"
}